

@incollection{sergame1,
year={2005},
isbn={978-1-4020-4022-1},
booktitle={ECSCW 2005},
editor={Gellersen, Hans and Schmidt, Kjeld and Beaudouin-Lafon, Michel and Mackay, Wendy},
doi={10.1007/1-4020-4023-7_22},
title={Sharing the square: Collaborative Leisure in the City Streets},
url={http://dx.doi.org/10.1007/1-4020-4023-7_22},
publisher={Springer Netherlands},
author={Brown, Barry and Chalmers, Matthew and Bell, Marek and Hall, Malcolm and MacColl, Ian and Rudman, Paul},
pages={427-447},
language={English}
}

@article{sergame2,
 author = {Sawyer, B.},
 title = {Serious Games: Improving Public Policy through Game-Based Learning and Simulation.},
 journal = {Foresight and Governance Project, Woodrow Wilson
       International Center for Scholars Publication 1},
 year = {2002}
} 

@book{sergame3,
  title={Serious games: advergaming, edugaming, training and more},
  author={Institut de l'audiovisuel et des t{\'e}l{\'e}communications en Europe (France)},
  isbn={9782848221694},
  series={Understanding the digital world},
  url={http://books.google.de/books?id=B2CaQwAACAAJ},
  year={2008},
  publisher={IDATE}
}

@inproceedings{rexplorer,
 author = {Ballagas, Rafael A. and Kratz, Sven G. and Borchers, Jan and Yu, Eugen and Walz, Steffen P. and Fuhr, Claudia O. and Hovestadt, Ludger and Tann, Martin},
 title = {REXplorer: A Mobile, Pervasive Spell-casting Game for Tourists},
 booktitle = {CHI '07 Extended Abstracts on Human Factors in Computing Systems},
 series = {CHI EA '07},
 year = {2007},
 isbn = {978-1-59593-642-4},
 location = {San Jose, CA, USA},
 pages = {1929--1934},
 numpages = {6},
 url = {http://doi.acm.org/10.1145/1240866.1240927},
 doi = {10.1145/1240866.1240927},
 acmid = {1240927},
 publisher = {ACM},
 address = {New York, NY, USA},
 keywords = {location services, mobile phone, moblogs, persuasive technology, pervasive game},
} 

@article{scal-loc-g,
 author = {Neustaedter, Carman and Tang, Anthony and Judge, Tejinder K.},
 title = {Creating Scalable Location-based Games: Lessons from Geocaching},
 journal = {Personal Ubiquitous Comput.},
 issue_date = {February  2013},
 volume = {17},
 number = {2},
 month = feb,
 year = {2013},
 issn = {1617-4909},
 pages = {335--349},
 numpages = {15},
 url = {http://dx.doi.org/10.1007/s00779-011-0497-7},
 doi = {10.1007/s00779-011-0497-7},
 acmid = {2434672},
 publisher = {Springer-Verlag},
 address = {London, UK, UK},
 keywords = {Community, Geocaching, Global positioning system (GPS), Location-based games, Pervasive games},
} 

@article{scenario,
year={2014},
issn={0170-6012},
journal={Informatik-Spektrum},
volume={37},
number={6},
doi={10.1007/s00287-014-0823-3},
title={Unspoken Emotions in Movies},
url={http://dx.doi.org/10.1007/s00287-014-0823-3},
publisher={Springer Berlin Heidelberg},
author={Chang, Huang-Ming and Ivonin, Leonid and Diaz, Marta and Catala, Andreu and Chen, Wei and Rauterberg, Matthias},
pages={539-546},
language={English}
}

@incollection{sensors,
year={2014},
isbn={978-3-319-07484-9},
booktitle={Learning and Collaboration Technologies. Technology-Rich Environments for Learning and Collaboration},
volume={8524},
series={Lecture Notes in Computer Science},
editor={Zaphiris, Panayiotis and Ioannou, Andri},
doi={10.1007/978-3-319-07485-6_17},
title={Sensor Based Interaction Mechanisms in Mobile Learning},
url={http://dx.doi.org/10.1007/978-3-319-07485-6_17},
publisher={Springer International Publishing},
keywords={Collaboration technology and informal learning; Mobile and/or ubiquitous learning; Personalization; user modeling and adaptation in learning technologies; Technology enhanced learning; sensors; context information; architecture; m-learning},
author={Martin, Kai-Uwe and Wuttke, Madlen and Hardt, Wolfram},
pages={165-172},
language={English}
}

@incollection{behavior,
year={2014},
isbn={978-3-319-07229-6},
booktitle={Human-Computer Interaction. Advanced Interaction Modalities and Techniques},
volume={8511},
series={Lecture Notes in Computer Science},
editor={Kurosu, Masaaki},
doi={10.1007/978-3-319-07230-2_61},
title={Natural Forms of Communication and Adaptive Behaviour in Human-Computer-Interaction},
url={http://dx.doi.org/10.1007/978-3-319-07230-2_61},
publisher={Springer International Publishing},
keywords={Intelligent and agent systems; Pedagogical Agents; Natural Forms of Communication; Adaptive; Mobile Learning},
author={Wuttke, Madlen and Martin, Kai-Uwe},
pages={641-647},
language={English}
}

@INPROCEEDINGS{facial-vocal,
author={Liebold, B. and Ohler, P.},
booktitle={Affective Computing and Intelligent Interaction (ACII), 2013 Humaine Association Conference on},
title={Multimodal Emotion Expressions of Virtual Agents, Mimic and Vocal Emotion Expressions and Their Effects on Emotion Recognition},
year={2013},
month={Sept},
pages={405-410},
keywords={emotion recognition;multi-agent systems;correct emotion category;emotion recognition;emotional meaning;multimodal emotion expressions;virtual agents;vocal emotion expressions;Analysis of variance;Atmospheric measurements;Context;Emotion recognition;MIMICs;Speech;Visualization;emotion expression;emotion recognition;intelligent agent;multimodality},
doi={10.1109/ACII.2013.73},
ISSN={2156-8103},}

@inproceedings{scenario-adapt,
 author = {Lopes, Ricardo},
 title = {Scenario Adaptivity in Serious Games},
 booktitle = {Proceedings of the Fifth International Conference on the Foundations of Digital Games},
 series = {FDG '10},
 year = {2010},
 isbn = {978-1-60558-937-4},
 location = {Monterey, California},
 pages = {268--270},
 numpages = {3},
 url = {http://doi.acm.org/10.1145/1822348.1822389},
 doi = {10.1145/1822348.1822389},
 acmid = {1822389},
 publisher = {ACM},
 address = {New York, NY, USA},
} 

@inproceedings{scenario-gen,
 author = {Hullett, Kenneth and Mateas, Michael},
 title = {Scenario Generation for Emergency Rescue Training Games},
 booktitle = {Proceedings of the 4th International Conference on Foundations of Digital Games},
 series = {FDG '09},
 year = {2009},
 isbn = {978-1-60558-437-9},
 location = {Orlando, Florida},
 pages = {99--106},
 numpages = {8},
 url = {http://doi.acm.org/10.1145/1536513.1536538},
 doi = {10.1145/1536513.1536538},
 acmid = {1536538},
 publisher = {ACM},
 address = {New York, NY, USA},
 keywords = {procedural level generation, qualitative reasoning, serious games},
}

@inproceedings{l-system,
 author = {Martin, Glenn A. and Hughes, Charles E. and Schatz, Sae and Nicholson, Denise},
 title = {The Use of Functional L-systems for Scenario Generation in Serious Games},
 booktitle = {Proceedings of the 2010 Workshop on Procedural Content Generation in Games},
 series = {PCGames '10},
 year = {2010},
 isbn = {978-1-4503-0023-0},
 location = {Monterey, California},
 pages = {6:1--6:5},
 articleno = {6},
 numpages = {5},
 url = {http://doi.acm.org/10.1145/1814256.1814262},
 doi = {10.1145/1814256.1814262},
 acmid = {1814262},
 publisher = {ACM},
 address = {New York, NY, USA},
 keywords = {FL-systems, scenario generation, simulation, training},
} 

@inproceedings{scenario-repurposing,
 author = {Protopsaltis, Aristidis and Auneau, Laurent and Dunwell, Ian and de Freitas, Sara and Petridis, Panagiotis and Arnab, Sylvester and Scarle, Simon and Hendrix, Maurice},
 title = {Scenario-based Serious Games Repurposing},
 booktitle = {Proceedings of the 29th ACM International Conference on Design of Communication},
 series = {SIGDOC '11},
 year = {2011},
 isbn = {978-1-4503-0936-3},
 location = {Pisa, Italy},
 pages = {37--44},
 numpages = {8},
 url = {http://doi.acm.org/10.1145/2038476.2038484},
 doi = {10.1145/2038476.2038484},
 acmid = {2038484},
 publisher = {ACM},
 address = {New York, NY, USA},
 keywords = {interactive learning environments, media in education, serious games, simulations, virtual reality},
} 

@INPROCEEDINGS{totem,
author={Jurgelionis, A. and Wetzel, R. and Blum, L. and Oppermann, L.},
booktitle={Games Innovation Conference (IGIC), 2013 IEEE International},
title={TOTEM.Scout: A mobile tool for in-situ creation of location-based content},
year={2013},
month={Sept},
pages={89-96},
keywords={computer games;content management;educational computing;entertainment;mobile computing;user interfaces;TOTEM.Designer Web-based tool;TOTEM.Scout;configurable data template;content export;content management;content structuring;data collection;data management;edutainment application;games;in-situ location-based content creation;location-based experience;mobile tool;tool functionality design;user interface;Buildings;Games;Global Positioning System;Mobile communication;Mobile handsets;Shape;Videos;Location-based;authoring;content creation;content management;game;in-situ;mobile;structured data collection},
doi={10.1109/IGIC.2013.6659153},
ISSN={2166-6741},}



